<record><leader>00000cas a22000007a 4500</leader><controlfield tag="001">22517382</controlfield><controlfield tag="008">901016d18901890mauwr ne      0   b0fre c</controlfield><datafield ind1=" " ind2=" " tag="010"><subfield code="a">sn 90000486 </subfield></datafield><datafield ind1=" " ind2=" " tag="040"><subfield code="a">NSD</subfield><subfield code="b">eng</subfield><subfield code="c">NSD</subfield><subfield code="d">MGN</subfield><subfield code="d">NSD</subfield><subfield code="d">OCLCQ</subfield><subfield code="d">OCLCF</subfield><subfield code="d">OCLCO</subfield></datafield><datafield ind1=" " ind2=" " tag="012"><subfield code="j">0</subfield></datafield><datafield ind1="0" ind2=" " tag="022"><subfield code="a">1053-315X</subfield><subfield code="l">1053-315X</subfield><subfield code="2">1</subfield></datafield><datafield ind1="1" ind2=" " tag="029"><subfield code="a">AU@</subfield><subfield code="b">000025893556</subfield></datafield><datafield ind1=" " ind2=" " tag="042"><subfield code="a">nsdp</subfield><subfield code="a">pcc</subfield></datafield><datafield ind1="1" ind2="0" tag="082"><subfield code="a">071</subfield><subfield code="2">12</subfield></datafield><datafield ind1="0" ind2=" " tag="130"><subfield code="a">Inde&#769;pendance (Lowell, Mass.)</subfield></datafield><datafield ind1="0" ind2=" " tag="210"><subfield code="a">Inde&#769;pendance</subfield><subfield code="b">(Lowell Mass.)</subfield></datafield><datafield ind1=" " ind2="0" tag="222"><subfield code="a">Inde&#769;pendance</subfield><subfield code="b">(Lowell, Mass.)</subfield></datafield><datafield ind1="0" ind2="2" tag="245"><subfield code="a">L'Inde&#769;pendance.</subfield></datafield><datafield ind1=" " ind2=" " tag="260"><subfield code="a">Lowell, Mass. :</subfield><subfield code="b">B.C. Gagnon &amp; Cie</subfield></datafield><datafield ind1=" " ind2=" " tag="300"><subfield code="a">v.</subfield></datafield><datafield ind1=" " ind2=" " tag="310"><subfield code="a">Weekly</subfield></datafield><datafield ind1="0" ind2=" " tag="362"><subfield code="a">1re anne&#769;e, no 1 (4 avr. 1890)-1re anne&#769;e, no 25 (19 sept. 1890).</subfield></datafield><datafield ind1=" " ind2=" " tag="546"><subfield code="a">In French.</subfield></datafield><datafield ind1=" " ind2="0" tag="650"><subfield code="a">French-Canadians</subfield><subfield code="z">Massachusetts</subfield><subfield code="z">Lowell</subfield><subfield code="v">Newspapers.</subfield></datafield><datafield ind1=" " ind2="7" tag="655"><subfield code="a">Newspapers.</subfield><subfield code="2">fast</subfield><subfield code="0">(OCoLC)fst01423814</subfield></datafield><datafield ind1=" " ind2="7" tag="650"><subfield code="a">French-Canadians.</subfield><subfield code="2">fast</subfield><subfield code="0">(OCoLC)fst00934912</subfield></datafield><datafield ind1=" " ind2="7" tag="651"><subfield code="a">Massachusetts</subfield><subfield code="z">Lowell.</subfield><subfield code="2">fast</subfield><subfield code="0">(OCoLC)fst01204704</subfield></datafield><datafield ind1=" " ind2=" " tag="752"><subfield code="a">United States</subfield><subfield code="b">Massachusetts</subfield><subfield code="c">Middlesex</subfield><subfield code="d">Lowell.</subfield></datafield></record>